%% This BibTeX bibliography file was created using BibDesk.
%% http://bibdesk.sourceforge.net/

%% Created for Taiki Tsunekawa at 2016-12-26 12:44:01 +0900 


%% Saved with string encoding Unicode (UTF-8) 



@article{yoshida,
	Author = {吉田有里,奥平康弘,田村直良},
	Date-Added = {2016-12-26 03:39:09 +0000},
	Date-Modified = {2016-12-26 03:43:06 +0000},
	Journal = {情報科学技術フォーラム講演論文集},
	Keywords = {朗読,音声合成},
	Month = {aug},
	Number = {2},
	Pages = {337-380},
	Rating = {5},
	Read = {1},
	Title = {音声合成による朗読システムに関する研究},
	Volume = {8},
	Year = {2009},
	Bdsk-Url-1 = {http://ci.nii.ac.jp/lognavi?name=nels&lang=en&type=pdf&id=ART0009626739}}
